@dataset{yougov_nfl_2017,
  entrysubtype = {Data set},
  author  = {{YouGov}},
  title  = {{HuffPost: NFL} {(Sept. 25--26, 2017)}},
  url  = {https://perma.cc/3Q3V-4GC4},
  date  = {2017}
}

@unpublished{lacina_nfl_2020,
  title = {National anthem protests and whites' views of black NFL players},
  author = {Lacina, Bethany},
  date = {2020},
  institution = {Department of Political Science, University of Rochester},
  type = {Unpublished manuscript},
  url = {http://www.bethanylacina.com/docs/Lacina_NFL_paper.pdf}
}

@book{sharp_nonviolent_1973,
  author = {Sharp, Gene},
  date = {1973},
  title = {The politics of nonviolent action},
  publisher = {Porter Sargent}
}

@article{burkner_bayesian_2021,
	title = {Bayesian Item Response Modeling in {R} with brms and {Stan}},
	volume = {100},
	issn = {1548--7660},
	doi = {10.18637/jss.v100.i05},
	number = {5},
	urldate = {2022-05-03},
	journal = {Journal of Statistical Software},
	author = {B{\"u}rkner, Paul-Christian},
	year = {2021}
}

@incollection{samejima_graded_1997,
  author = {Samejima, F.},
  date = {1997},
  title = {Graded response model},
  editor = {{van der Linden}, W. J. and Hambleton, R. K.}, 
  booktitle = {Handbook of modern item response theory},
  pages = {85--100},
  publisher = {Springer}
}

@misc{betancourt_ordinal_2019,
  author = {Betancourt, Michael},
  year = {2019},
  month = {May},
  title = {Ordinal regression},
  url = {https://betanalpha.github.io/assets/case_studies/ordinal_regression.html}
}

@article{ho_nature_2015,
	title = {The nature of social dominance orientation: {Theorizing} and measuring preferences for intergroup inequality using the new {SDO}-7 scale.},
	volume = {109},
	doi = {10.1037/pspi0000033},
	number = {6},
	urldate = {2020-04-20},
	journal = {Journal of Personality and Social Psychology},
	author = {Ho, Arnold K. and Sidanius, Jim and Kteily, Nour and Sheehy-Skeffington, Jennifer and Pratto, Felicia and Henkel, Kristin E. and Foels, Rob and Stewart, Andrew L.},
	year = {2015},
	pages = {1003--1028}
}


@article{kay_complementary_2003,
	title = {Complementary justice: effects of "poor but happy" and "poor but honest" stereotype exemplars on system justification and implicit activation of the justice motive.},
	volume = {85},
	doi = {10.1037/0022-3514.85.5.823},
	number = {5},
	journal = {Journal of Personality and Social Psychology},
	author = {Kay, Aaron C. and Jost, John T.},
	year = {2003},
	pages = {823--837},
}

@article{becker_committed_2011,
	title = {Committed dis(s)idents: {Participation} in radical collective action fosters disidentification with the broader in-group but enhances political identification},
	volume = {37},
	doi = {10.1177/0146167211407076},
	language = {en},
	number = {8},
	journal = {Personality and Social Psychology Bulletin},
	author = {Becker, Julia C. and Tausch, Nicole and Spears, Russell and Christ, Oliver},
	year = {2011},
	pages = {1104--1116},
}

@book{demars_irt_2010,
 author = {{DeMars}, C.},
 year = {2010},
 title = {Item response theory},
 publisher = {Oxford University Press}
}

@article{gelman_prior_2017,
  author = {Gelman, Andrew and Simpson, Daniel and Betancourt, Michael},
  year = {2017},
  title = {The prior can often only be understood in the context of the likelihood},
  journal = {Entropy},
  number = {19},
  issue = {10}, 
  pages = {555},
  doi = {10.3390/e19100555}
}

@misc{cmdstan_2021,
	title = {Stan Modeling Language Users Guide and Reference Manual},
	url = {http://mc-stan.org/},
	author = {{Stan Development Team}},
	version = {2.27.0},
	year = {2021}
}

@misc{cmdstanr_2021,
	title = {{cmdstanr}: {R} Interface to {CmdStan}},
	url = {https://mc-stan.org/cmdstanr},
	author = {Gabry, Jonah and Cesnovar, Rok},
	version = {0.4.0},
	year = {2021}
}


@article{abrams_double_2013,
	title = {A double standard when group members behave badly: {Transgression} credit to ingroup leaders.},
	volume = {105},
	doi = {10.1037/a0033600},
	number = {5},
	journal = {Journal of Personality and Social Psychology},
	author = {Abrams, Dominic and Randsley de Moura, Georgina and Travaglino, Giovanni A.},
	year = {2013},
	pages = {799--815}
}

@article{mendoza_for_2014,
	title = {For members only: Ingroup punishment of fairness norm violations in the ultimatum game},
	volume = {5},
	doi = {10.1177/1948550614527115},
	number = {6},
	journal = {Social Psychological and Personality Science},
	author = {Mendoza, Saaid A. and Lane, Sean P. and Amodio, David M.},
	year = {2014},
	pages = {662--670}
}

@article{endevelt_everyone_2021,
	title = {Everyone should get the same, but we should get more: Group entitlement and intergroup moral double standard},
	volume = {24},
	doi = {10.1177/1368430219896618},
	number = {3},
	journal = {Group Processes \& Intergroup Relations},
	author = {Endevelt, Kinneret and Schori-Eyal, Noa and Halperin, Eran},
	year = {2021},
	pages = {350--370}
}

@article{valdesolo_moral_2007,
	title = {Moral hypocrisy: Social groups and the flexibility of virtue},
	volume = {18},
	doi = {10.1111/j.1467-9280.2007.01961.x},
	number = {8},
	journal = {Psychological Science},
	author = {Valdesolo, Piercarlo and {DeSteno}, David},
	year = {2007},
	pages = {689--690}
}

@article{hewstone_ultimate_1990,
	title = {The `ultimate attribution error'? {A} review of the literature on intergroup causal attribution},
	volume = {20},
	doi = {10.1002/ejsp.2420200404},
	number = {4},
	journal = {European Journal of Social Psychology},
	author = {Hewstone, Miles},
	year = {1990},
	pages = {311--335}
}

@article{pinto_membership_2010,
	title = {Membership status and subjective group dynamics: Who triggers the black sheep effect?},
	volume = {99},
	doi = {10.1037/a0018187},
	number = {1},
	journal = {Journal of Personality and Social Psychology},
	author = {Pinto, Isabel R. and Marques, Jose M. and Levine, John M. and Abrams, Dominic},
	year = {2010},
	pages = {107--119}
}

@incollection{brewer_social_2007,
  author = {Brewer, Marilynn B.},
  year = {2007},
  title = {The social psychology of intergroup relations: Social categorization, ingroup bias, and outgroup prejudice},
  editor = {Kruglanski, A. W. and Higgins, E. T.},
  booktitle = {Social psychology: Handbook of basic principles},
  edition = {2},
  pages = {695--715},
  publisher = {Guilford Press}
}

@incollection{tajfel_integrative_1979,
  author = {Tajfel, Henry and Turner, John C.},
  year = {1979},
  title = {An integrative theory of intergroup conflict},
  editor = {Austin, W. G. and Worchel, S.},
  booktitle = {The psychology of intergroup relations},
  pages = {33--48},
  publisher = {Brooks/Cole}
}

@incollection{reimer_identity_2022,
  author = {Reimer, Nils K. and Schmid, Katharina and Hewstone, Miles and Al Ramiah, Ananthi},
  year = {2022},
  title = {Self-categorization and social identification: Making sense of us and them},
  editor = {Chadee, Derek},
  booktitle = {Theories in social psychology},
  edition = {2},
  pages = {273--295},
  publisher = {Wiley-Blackwell}
}


@article{becker_virtual_2012,
	title = {Virtual special issue on theory and research on collective action in the {European} {Journal} of {Social} {Psychology} [{Editorial}]},
	volume = {42},
	doi = {10.1002/ejsp.1839},
	number = {1},
	journal = {European Journal of Social Psychology},
	author = {Becker, Julia C.},
	year = {2012},
	pages = {19--23}
}

@article{van_zomeren_building_2016,
	title = {Building a tower of babel? {Integrating} core motivations and features of social structure into the political psychology of political action},
	volume = {37},
	doi = {10.1111/pops.12322},
	journal = {Political Psychology},
	author = {{van Zomeren}, Martijn},
	year = {2016},
	pages = {87--114}
}

@article{dunivin_black_2022,
	title = {Black {Lives} {Matter} protests shift public discourse},
	volume = {119},
	doi = {10.1073/pnas.2117320119},
	number = {10},
	journal = {Proceedings of the National Academy of Sciences},
	author = {Dunivin, Zackary Okun and Yan, Harry Yaojun and Ince, Jelani and Rojas, Fabio},
	year = {2022},
	pages = {e2117320119}
}

@article{wright_responding_1990,
	title = {Responding to membership in a disadvantaged group: From acceptance to collective protest},
	volume = {58},
	doi = {10.1037/0022-3514.58.6.994},
	number = {6},
	journal = {Journal of Personality and Social Psychology},
	author = {Wright, Stephen C. and Taylor, Donald M. and Moghaddam, Fathali M.},
	year = {1990},
	pages = {994--1003}
}


@article{teixeira_is_2020,
	title = {Is {Martin} {Luther} {King} or {Malcolm} {X} the more acceptable face of protest? {High}-status groups' reactions to low-status groups' collective action},
	volume = {118},
	doi = {10.1037/pspi0000195},
	number = {5},
	journal = {Journal of Personality and Social Psychology},
	author = {Teixeira, Catia P. and Spears, Russell and Yzerbyt, Vincent Y.},
	year = {2020},
	pages = {919--944}
}

@article{feinberg_activists_2020,
	title = {The activist's dilemma: {Extreme} protest actions reduce popular support for social movements},
	volume = {119},
	doi = {10.1037/pspi0000230},
	number = {5},
	journal = {Journal of Personality and Social Psychology},
	author = {Feinberg, Matthew and Willer, Robb and Kovacheff, Chloe},
	year = {2020},
	pages = {1086--1111}
}

@article{shuman_disrupting_2021,
	title = {Disrupting the system constructively: {Testing} the effectiveness of nonnormative nonviolent collective action.},
	volume = {121},
	doi = {10.1037/pspi0000333},
	number = {4},
	journal = {Journal of Personality and Social Psychology},
	author = {Shuman, Eric and Saguy, Tamar and {van Zomeren}, Martijn and Halperin, Eran},
	year = {2021},
	pages = {819--841}
}


@article{foschi_double_2000,
	title = {Double standards for competence: theory and research},
	volume = {26},
	doi = {10.1146/annurev.soc.26.1.21},
	number = {1},
	journal = {Annual Review of Sociology},
	author = {Foschi, Martha},
	year = {2000},
	pages = {21--42}
}


@article{gelman_why_2012,
	title = {Why we (usually) don't have to worry about multiple comparisons},
	volume = {5},
	doi = {10.1080/19345747.2011.618213},
	number = {2},
	journal = {Journal of Research on Educational Effectiveness},
	author = {Gelman, Andrew and Hill, Jennifer and Yajima, Masanao},
	year = {2012},
	pages = {189--211}
}

@book{jost_theory_2020,
	address = {Cambridge, Massachusetts},
	title = {A theory of system justification},
	publisher = {Harvard University Press},
	author = {Jost, John T.},
	year = {2020}
}

@article{jost_role_1994,
	title = {The role of stereotyping in system-justification and the production of false consciousness},
	volume = {33},
	doi = {10.1111/j.2044-8309.1994.tb01008.x},
	number = {1},
	journal = {British Journal of Social Psychology},
	author = {Jost, John T. and Banaji, Mahzarin R.},
	year = {1994},
	pages = {1--27}
}

@article{jost_missing_2017,
	title = {Missing in (collective) action: ideology, system justification, and the motivational antecedents of two types of protest behavior},
	volume = {26},
	doi = {10.1177/0963721417690633},
	number = {2},
	journal = {Current Directions in Psychological Science},
	author = {Jost, John T. and Becker, Julia and Osborne, Danny and Badaan, Vivienne},
	month = apr,
	year = {2017},
	pages = {99--108},
}

@article{osborne_protesting_2019,
	title = {Protesting to challenge or defend the system? {A} system justification perspective on collective action},
	volume = {49},
	doi = {10.1002/ejsp.2522},
	number = {2},
	journal = {European Journal of Social Psychology},
	author = {Osborne, Danny and Jost, John T. and Becker, Julia C. and Badaan, Vivienne and Sibley, Chris G.},
	year = {2019},
	pages = {244--269}
}

@article{jost_political_2003,
	title = {Political conservatism as motivated social cognition.},
	volume = {129},
	doi = {10.1037/0033-2909.129.3.339},
	number = {3},
	journal = {Psychological Bulletin},
	author = {Jost, John T. and Glaser, Jack and Kruglanski, Arie W. and Sulloway, Frank J.},
	year = {2003},
	pages = {339--375}
}


@article{burkner_modelling_2020,
	title = {Modelling monotonic effects of ordinal predictors in {Bayesian} regression models},
	volume = {73},
	doi = {10.1111/bmsp.12195},
	number = {3},
	journal = {British Journal of Mathematical and Statistical Psychology},
	author = {B\"{u}rkner, Paul-Christian and Charpentier, Emmanuel},
	year = {2020},
	pages = {420--451},
}


@article{verkuyten_intolerance_2022,
	title = {Intolerance of transgressive protest actions: the differential roles of deontological and utilitarian morality},
	doi = {10.1177/01461672221099709},
	journal = {Personality and Social Psychology Bulletin},
	author = {Verkuyten, Maykel and Adelman, Levi and Yogeeswaran, Kumar},
	month = may,
	year = {2022},
	status = {Advance online publication}
}

@dataset{yougov_police_2020,
  entrysubtype = {Data set},
  author  = {{YouGov}},
  title  = {{HuffPost}: Police reform {(Dec. 3--6, 2020)}},
  url  = {https://perma.cc/JH5P-3W3K},
  date  = {2020}
}

@article{mooijman_moralization_2018,
	title = {Moralization in social networks and the emergence of violence during protests},
	volume = {2},
	doi = {10.1038/s41562-018-0353-0},
	number = {6},
	journal = {Nature Human Behaviour},
	author = {Mooijman, Marlon and Hoover, Joe and Lin, Ying and Ji, Heng and Dehghani, Morteza},
	month = jun,
	year = {2018},
	pages = {389--396}
}

@dataset{yougov_capitol_2021,
  entrysubtype = {Data set},
  author  = {{YouGov}},
  title  = {Capitol protest {(Jan. 6, 2021)}},
  url  = {https://perma.cc/YG99-EUYX},
  date  = {2021}
}

@article{pew_republicans_2021,
	month = feb,
  year = {2021},
  author = {Quinton, Sophie},
  title = {Republicans Respond to {Black Lives Matter} with Anti-Protest Bills},
  journal = {Pew Charitable Trusts},
  url = {https://pew.org/3rhdGYw}
}

@article{shuman_protest_2022,
	title = {Protest movements involving limited violence can sometimes be effective: Evidence from the 2020 {Black Lives Matter} protests},
	volume = {119},
	doi = {10.1073/pnas.2118990119},
	number = {14},
	journal = {Proceedings of the National Academy of Sciences},
	author = {Shuman, Eric and Hasan-Aslih, Siwar and van Zomeren, Martijn and Saguy, Tamar and Halperin, Eran},
	month = apr,
	year = {2022},
	pages = {e2118990119}
}

@article{riddle_whats_2020,
	title = {``{What}'s going on'' in {Ferguson}? {Online} news frames of protest at the police killing of {Michael} {Brown}},
	volume = {23},
	doi = {10.1177/1368430220917752},
	number = {6},
	journal = {Group Processes \& Intergroup Relations},
	author = {Riddle, Travis A. and Turetsky, Kate M. and Bottesini, Julia G. and Wayne Leach, Colin},
	year = {2020},
	pages = {882--901}
}


@article{yarkoni_generalizability_2022,
	title = {The generalizability crisis},
	volume = {45},
	doi = {10.1017/S0140525X20001685},
	journal = {Behavioral and Brain Sciences},
	author = {Yarkoni, Tal},
	year = {2022},
	pages = {e1}
}

@article{judd_treating_2012,
	title = {Treating stimuli as a random factor in social psychology: {A} new and comprehensive solution to a pervasive but largely ignored problem.},
	volume = {103},
	doi = {10.1037/a0028347},
	number = {1},
	journal = {Journal of Personality and Social Psychology},
	author = {Judd, Charles M. and Westfall, Jacob and Kenny, David A.},
	year = {2012},
	pages = {54--69}
}


@article{ryan_reconsidering_2014,
	title = {Reconsidering moral issues in politics},
	volume = {76},
	doi = {10.1017/S0022381613001357},
	number = {2},
	journal = {The Journal of Politics},
	author = {Ryan, Timothy J.},
	month = apr,
	year = {2014},
	pages = {380--397}
}

@article{jost_exposure_2005,
	title = {Exposure to benevolent sexism and complementary gender stereotypes: Consequences for specific and diffuse forms of system justification.},
	volume = {88},
	doi = {10.1037/0022-3514.88.3.498},
	number = {3},
	journal = {Journal of Personality and Social Psychology},
	author = {Jost, John T. and Kay, Aaron C.},
	year = {2005},
	pages = {498--509},
}

@article{atari_morality_2023,
	title = {Morality beyond the {WEIRD}: {How} the nomological network of morality varies across cultures},
	volume = {125},
	doi = {10.1037/pspp0000470},
	number = {5},
	journal = {Journal of Personality and Social Psychology},
	author = {Atari, Mohammad and Haidt, Jonathan and Graham, Jesse and Koleva, Sena and Stevens, Sean T. and Dehghani, Morteza},
	year = {2023},
	pages = {1157--1188}
}

@article{henrich_weirdest_2010,
	title = {The weirdest people in the world?},
	volume = {33},
	doi = {10.1017/S0140525X10000725},
	number = {2-3},
	journal = {Behavioral and Brain Sciences},
	author = {Henrich, Joseph and Heine, Steven J. and Norenzayan, Ara},
	month = jun,
	year = {2010},
	pages = {61--135}
}

@article{finkel_political_2020,
	title = {Political sectarianism in {America}},
	volume = {370},
	doi = {10.1126/science.abe1715},
	number = {6516},
	journal = {Science},
	author = {Finkel, Eli J. and Bail, Christopher A. and Cikara, Mina and Ditto, Peter H. and Iyengar, Shanto and Klar, Samara and Mason, Lilliana and McGrath, Mary C. and Nyhan, Brendan and Rand, David G. and Skitka, Linda J. and Tucker, Joshua A. and Van Bavel, Jay J. and Wang, Cynthia S. and Druckman, James N.},
	month = oct,
	year = {2020},
	pages = {533--536}
}

@article{mcgarty_collective_2009,
	title = {Collective action as the material expression of opinion-based group membership},
	volume = {65},
	doi = {10.1111/j.1540-4560.2009.01627.x},
	number = {4},
	journal = {Journal of Social Issues},
	author = {McGarty, Craig and Bliuc, Ana-Maria and Thomas, Emma F. and Bongiorno, Renata},
	month = dec,
	year = {2009},
	pages = {839--857}
}


@article{skitka_psychology_2021,
	title = {The psychology of moral conviction},
	volume = {72},
	doi = {10.1146/annurev-psych-063020-030612},
	number = {1},
	journal = {Annual Review of Psychology},
	author = {Skitka, Linda J. and Hanson, Brittany E. and Morgan, G. Scott and Wisneski, Daniel C.},
	month = jan,
	year = {2021},
	pages = {347--366}
}

@article{graham_liberals_2009,
	title = {Liberals and conservatives rely on different sets of moral foundations.},
	volume = {96},
	doi = {10.1037/a0015141},
	number = {5},
	urldate = {2022-08-25},
	journal = {Journal of Personality and Social Psychology},
	author = {Graham, Jesse and Haidt, Jonathan and Nosek, Brian A.},
	month = may,
	year = {2009},
	pages = {1029--1046},
}

@article{kivikangas_moral_2021,
	title = {Moral foundations and political orientation: {Systematic} review and meta-analysis.},
	volume = {147},
	doi = {10.1037/bul0000308},
	number = {1},
	journal = {Psychological Bulletin},
	author = {Kivikangas, J. Matias and Fern\'{a}ndez-Castilla, Bel\'{e}n and J\"{a}rvel\"{a}, Simo and Ravaja, Niklas and L\"{o}nnqvist, Jan-Erik},
	month = jan,
	year = {2021},
	pages = {55--94},
}

@article{richardson_standing_2022,
	title = {Standing up or giving up? {Moral} foundations mediate political differences in evaluations of {BLACK} {LIVES} {MATTER} and other protests},
	volume = {52},
	doi = {10.1002/ejsp.2837},
	number = {3},
	journal = {European Journal of Social Psychology},
	author = {Richardson, Isaac and Conway, Paul},
	month = apr,
	year = {2022},
	pages = {553--569},
}

@article{becker_dynamic_2015,
	title = {A dynamic model of engagement in normative and non-normative collective action: {Psychological} antecedents, consequences, and barriers},
	volume = {26},
	doi = {10.1080/10463283.2015.1094265},
	number = {1},
	journal = {European Review of Social Psychology},
	author = {Becker, Julia C. and Tausch, Nicole},
	year = {2015},
	pages = {43--92}
}

@article{jimenez-moya_by_2015,
	title = {By any means necessary? {When} and why low group identification paradoxically predicts radical collective action: predicting radical collective action},
	volume = {71},
	doi = {10.1111/josi.12126},
	number = {3},
	urldate = {2022-09-09},
	journal = {Journal of Social Issues},
	author = {Jim\'{e}nez-Moya, Gloria and Spears, Russell and Rodr\'{i}guez-Bail\'{o}n, Rosa and de Lemus, Soledad},
	year = {2015},
	pages = {517--535}
}


@article{pettigrew_ultimate_1979,
	title = {The ultimate attribution error: Extending {Allport}'s cognitive analysis of prejudice},
	volume = {5},
	doi = {10.1177/014616727900500407},
	number = {4},
	urldate = {2022-09-09},
	journal = {Personality and Social Psychology Bulletin},
	author = {Pettigrew, Thomas F.},
	year = {1979},
	pages = {461--476}
}

@article{jost_decade_2004,
	title = {A decade of system justification theory: Accumulated evidence of conscious and unconscious bolstering of the status quo},
	volume = {25},
	doi = {10.1111/j.1467-9221.2004.00402.x},
	number = {6},
	journal = {Political Psychology},
	author = {Jost, John T. and Banaji, Mahzarin R. and Nosek, Brian A.},
	year = {2004},
	pages = {881--919}
}

@article{mikolajczak_women_2022,
	title = {Women who challenge or defend the status quo: {Ingroup} identities as predictors of progressive and reactionary collective action},
	doi = {10.1002/ejsp.2842},
	journal = {European Journal of Social Psychology},
	author = {Mikolajczak, Gosia and Becker, Julia C. and Iyer, Aarti},
	year = {2022},
	status = {Advance online publication}
}

@article{bliuc_opinion-based_2007,
	title = {Opinion-based group membership as a predictor of commitment to political action},
	volume = {37},
	doi = {10.1002/ejsp.334},
	number = {1},
	journal = {European Journal of Social Psychology},
	author = {Bliuc, Ana-Maria and McGarty, Craig and Reynolds, Katherine and Muntele, Daniela},
	month = jan,
	year = {2007},
	pages = {19--32}
}

@article{teixeira_white_2022,
	title = {White {Americans}' belief in systemic racial injustice and in-group identification affect reactions to ({peaceful} vs. {destructive}) ``{Black Lives Matter}'' protest},
	volume = {12},
	doi = {10.1037/vio0000425},
	number = {4},
	journal = {Psychology of Violence},
	author = {Teixeira, Catia P. and Leach, Colin Wayne and Spears, Russell},
	month = jul,
	year = {2022},
	pages = {280--292},
}

@article{burkner_brms_2017,
	title = {{brms}: An {R} package for bayesian multilevel models using {Stan}},
	volume = {80},
	doi = {10.18637/jss.v080.i01},
	number = {1},
	journal = {Journal of Statistical Software},
	author = {B\"{u}rkner, Paul-Christian},
	year = {2017},
	pages = {1--28}
}

@article{burkner_advanced_2018,
	title = {Advanced bayesian multilevel modeling with the {R} package brms},
	volume = {10},
	doi = {10.32614/RJ-2018-017},
	number = {1},
	journal = {The R Journal},
	author = {B\"{u}rkner, Paul-Christian},
	year = {2018},
	pages = {395--411},
}


@article{leach_social_2017,
	title = {The social psychology of the {Black Lives Matter} meme and movement},
	volume = {26},
	doi = {10.1177/0963721417719319},
	number = {6},
	journal = {Current Directions in Psychological Science},
	author = {Leach, Colin Wayne and Allen, Aerielle M.},
	year = {2017},
	pages = {543--547}
}

@article{leach_understanding_2022,
	title = {Understanding sentiment toward ``{Black Lives Matter}''},
	volume = {16},
	doi = {10.1111/sipr.12084},
	number = {1},
	journal = {Social Issues and Policy Review},
	author = {Leach, Colin Wayne and Teixeira, Catia P.},
	year = {2022},
	pages = {3--32}
}


@book{jost_left_2021,
	address = {New York, NY},
	title = {Left and right: the psychological significance of a political distinction},
	publisher = {Oxford University Press},
	author = {Jost, John T.},
	year = {2021}
}

@article{rogers_using_2021,
	title = {Using {Twitter} bios to measure changes in self-identity: Are {Americans} defining themselves more politically over time?},
	volume = {2},
	doi = {10.23919/JSC.2021.0002},
	number = {1},
	journal = {Journal of Social Computing},
	author = {Rogers, Nick and Jones, Jason J.},
	year = {2021},
	pages = {1--13}
}

@incollection{osborne_psychology_2022,
	title = {The psychology and neuroscience of partisanship},
	booktitle = {The {Cambridge} Handbook of Political Psychology},
	publisher = {Cambridge University Press},
	author = {Harris, Elizabeth and P\"{a}rnamets, Philip and Sternisko, Anni and Robertson, Claire and Van Bavel, Jay J.},
	editor = {Osborne, Danny and Sibley, Chris G.},
	year = {2022},
	doi = {10.1017/9781108779104.005},
	pages = {50--67}
}

@article{cohen_party_2003,
	title = {Party over policy: The dominating impact of group influence on political beliefs},
	volume = {85},
	doi = {10.1037/0022-3514.85.5.808},
	number = {5},
	journal = {Journal of Personality and Social Psychology},
	author = {Cohen, Geoffrey L.},
	year = {2003},
	pages = {808--822}
}

@article{shuman_when_2023,
	title = {When are social protests effective?},
	doi = {10.1016/j.tics.2023.10.003},
	journal = {Trends in Cognitive Sciences},
	author = {Shuman, Eric and Goldenberg, Amit and Saguy, Tamar and Halperin, Eran and Van Zomeren, Martijn},
	month = oct,
	year = {2023},
	pages = {S1364661323002619},
}

@incollection{acceptable,
  author = {{Oxford Advanced Learner's Dictionary}},
  title = {Acceptable},
  url = {https://www.oxfordlearnersdictionaries.com/us/definition/english/acceptable}
}

@article{pinsof_strange_2023,
	title = {Strange bedfellows: The alliance theory of political belief systems},
	volume = {34},
	doi = {10.1080/1047840X.2023.2274433},
	number = {3},
	journal = {Psychological Inquiry},
	author = {Pinsof, David and Sears, David O. and Haselton, Martie G.},
	year = {2023},
	pages = {139--160}
}

@article{westwood_current_2022,
	title = {Current research overstates {American} support for political violence},
	volume = {119},
	doi = {10.1073/pnas.2116870119},
	number = {12},
	journal = {Proceedings of the National Academy of Sciences},
	author = {Westwood, Sean J. and Grimmer, Justin and Tyler, Matthew and Nall, Clayton},
	year = {2022},
	pages = {e2116870119}
}

@book{kalmoe_radical_2022,
	title = {Radical {American} partisanship: Mapping violent hostility, its causes, and the consequences for democracy},
	publisher = {The University of Chicago Press},
	author = {Kalmoe, Nathan P. and Mason, Lilliana},
	year = {2022}
}

@misc{phillips_when_2024,
	address = {San Diego, CA, USA},
	title = {When push comes to shove: {How} {Americans} judge political violence},
	author = {Phillips, Joseph B. and Munis, Kal and Huffman, Nicole  and Memovic, Arif and Ford, Jake},
	year = {2024},
}

@article{van_zomeren_toward_2008,
	title = {Toward an integrative social identity model of collective action: {A} quantitative research synthesis of three socio-psychological perspectives},
	volume = {134},
	doi = {10.1037/0033-2909.134.4.504},
	number = {4},
	journal = {Psychological Bulletin},
	author = {van Zomeren, Martijn and Postmes, Tom and Spears, Russell},
	month = jul,
	year = {2008},
	pages = {504--535},
}

@article{agostini_toward_2021,
	title = {Toward a comprehensive and potentially cross-cultural model of why people engage in collective action: {A} quantitative research synthesis of four motivations and structural constraints.},
	volume = {147},
	doi = {10.1037/bul0000256},
	number = {7},
	journal = {Psychological Bulletin},
	author = {Agostini, Maximilian and van Zomeren, Martijn},
	month = jul,
	year = {2021},
	pages = {667--700},
}